<?xml version="1.0" encoding="UTF-8"?>
<Document xmlns="urn:iso:std:iso:20022:tech:xsd:camt.053.001.02">
  <BkToCstmrStmt>
    <GrpHdr>
      <MsgId>STMT20230615001</MsgId>
      <CreDtTm>2023-06-15T08:30:00</CreDtTm>
    </GrpHdr>
    <Stmt>
      <Id>STMT2023061500001</Id>
      <ElctrncSeqNb>1</ElctrncSeqNb>
      <CreDtTm>2023-06-15T08:30:00</CreDtTm>
      <FrToDt>
        <FrDtTm>2023-06-01T00:00:00</FrDtTm>
        <ToDtTm>2023-06-15T00:00:00</ToDtTm>
      </FrToDt>
      <Acct>
        <Id>
          <IBAN>DE89370400440532013000</IBAN>
        </Id>
        <Ccy>EUR</Ccy>
        <Ownr>
          <Nm>ACME Corporation</Nm>
          <PstlAdr>
            <AdrLine>123 Business Street</AdrLine>
            <AdrLine>10115 Berlin, Germany</AdrLine>
          </PstlAdr>
        </Ownr>
      </Acct>
      <Bal>
        <Tp>
          <CdOrPrtry>
            <Cd>OPBD</Cd>
          </CdOrPrtry>
        </Tp>
        <Amt Ccy="EUR">10000.00</Amt>
        <CdtDbtInd>CRDT</CdtDbtInd>
        <Dt>
          <Dt>2023-06-01</Dt>
        </Dt>
      </Bal>
      <Bal>
        <Tp>
          <CdOrPrtry>
            <Cd>CLBD</Cd>
          </CdOrPrtry>
        </Tp>
        <Amt Ccy="EUR">12500.50</Amt>
        <CdtDbtInd>CRDT</CdtDbtInd>
        <Dt>
          <Dt>2023-06-15</Dt>
        </Dt>
      </Bal>
      <Ntry>
        <Amt Ccy="EUR">1500.00</Amt>
        <CdtDbtInd>CRDT</CdtDbtInd>
        <Sts>BOOK</Sts>
        <BookgDt>
          <Dt>2023-06-05</Dt>
        </BookgDt>
        <ValDt>
          <Dt>2023-06-05</Dt>
        </ValDt>
        <AcctSvcrRef>REF2023060500001</AcctSvcrRef>
        <BkTxCd>
          <Domn>
            <Cd>PMNT</Cd>
            <Fmly>
              <Cd>RCDT</Cd>
              <SubFmlyCd>VCOM</SubFmlyCd>
            </Fmly>
          </Domn>
        </BkTxCd>
        <NtryDtls>
          <TxDtls>
            <Refs>
              <EndToEndId>E2E-REF-2023060500001</EndToEndId>
            </Refs>
            <Amt Ccy="EUR">1500.00</Amt>
            <CdtDbtInd>CRDT</CdtDbtInd>
            <RltdPties>
              <Dbtr>
                <Nm>Client XYZ Ltd</Nm>
              </Dbtr>
              <DbtrAcct>
                <Id>
                  <IBAN>FR7630006000011234567890189</IBAN>
                </Id>
              </DbtrAcct>
            </RltdPties>
            <RmtInf>
              <Strd>
                <CdtrRefInf>
                  <Ref>INV-2023-0042</Ref>
                </CdtrRefInf>
                <AddtlRmtInf>Payment for services</AddtlRmtInf>
              </Strd>
            </RmtInf>
          </TxDtls>
        </NtryDtls>
      </Ntry>
      <Ntry>
        <Amt Ccy="EUR">2000.50</Amt>
        <CdtDbtInd>CRDT</CdtDbtInd>
        <Sts>BOOK</Sts>
        <BookgDt>
          <Dt>2023-06-10</Dt>
        </BookgDt>
        <ValDt>
          <Dt>2023-06-10</Dt>
        </ValDt>
        <AcctSvcrRef>REF2023061000001</AcctSvcrRef>
        <BkTxCd>
          <Domn>
            <Cd>PMNT</Cd>
            <Fmly>
              <Cd>RCDT</Cd>
              <SubFmlyCd>VCOM</SubFmlyCd>
            </Fmly>
          </Domn>
        </BkTxCd>
        <NtryDtls>
          <TxDtls>
            <Refs>
              <EndToEndId>E2E-REF-2023061000001</EndToEndId>
            </Refs>
            <Amt Ccy="EUR">2000.50</Amt>
            <CdtDbtInd>CRDT</CdtDbtInd>
            <RltdPties>
              <Dbtr>
                <Nm>Customer ABC GmbH</Nm>
              </Dbtr>
              <DbtrAcct>
                <Id>
                  <IBAN>IT60X0542811101000000123456</IBAN>
                </Id>
              </DbtrAcct>
            </RltdPties>
            <RmtInf>
              <Strd>
                <CdtrRefInf>
                  <Ref>INV-2023-0055</Ref>
                </CdtrRefInf>
                <AddtlRmtInf>Annual subscription</AddtlRmtInf>
              </Strd>
            </RmtInf>
          </TxDtls>
        </NtryDtls>
      </Ntry>
      <Ntry>
        <Amt Ccy="EUR">1000.00</Amt>
        <CdtDbtInd>DBIT</CdtDbtInd>
        <Sts>BOOK</Sts>
        <BookgDt>
          <Dt>2023-06-12</Dt>
        </BookgDt>
        <ValDt>
          <Dt>2023-06-12</Dt>
        </ValDt>
        <AcctSvcrRef>REF2023061200001</AcctSvcrRef>
        <BkTxCd>
          <Domn>
            <Cd>PMNT</Cd>
            <Fmly>
              <Cd>ICDT</Cd>
              <SubFmlyCd>VCOM</SubFmlyCd>
            </Fmly>
          </Domn>
        </BkTxCd>
        <NtryDtls>
          <TxDtls>
            <Refs>
              <EndToEndId>E2E-REF-2023061200001</EndToEndId>
            </Refs>
            <Amt Ccy="EUR">1000.00</Amt>
            <CdtDbtInd>DBIT</CdtDbtInd>
            <RltdPties>
              <Cdtr>
                <Nm>Supplier 123 Inc</Nm>
              </Cdtr>
              <CdtrAcct>
                <Id>
                  <IBAN>NL91ABNA0417164300</IBAN>
                </Id>
              </CdtrAcct>
            </RltdPties>
            <RmtInf>
              <Strd>
                <CdtrRefInf>
                  <Ref>SUPPLIER-INV-789</Ref>
                </CdtrRefInf>
                <AddtlRmtInf>Office supplies</AddtlRmtInf>
              </Strd>
            </RmtInf>
          </TxDtls>
        </NtryDtls>
      </Ntry>
    </Stmt>
  </BkToCstmrStmt>
</Document> 